@book{boyd2004convex,
  title={Convex optimization},
  author={Boyd, Stephen and Vandenberghe, Lieven},
  year={2004},
  publisher={Cambridge university press}
}

@book{calafiore2014optimization,
  title={Optimization models},
  author={Calafiore, Giuseppe C and El Ghaoui, Laurent},
  year={2014},
  publisher={Cambridge university press}
}
