@misc{elghaouilecture6,
key={ELG},
title={EE127 Fall 2018 Lecture 6},
author={Laurent {El Ghaoui}},
year="2018",
note={EE127 Fall 2018 Lecture Notes},
howpublished="\url{https://bcourses.berkeley.edu/courses/1473158/files/folder/Slides?preview=73636234}"
}

@misc{IntroSVD,
key={TW},
title={Introduction to the Singular Value Decomposition},
author={Todd {Will}},
year="2018",
note={UW-La Crosse},
howpublished="\url{http://websites.uwlax.edu/twill/svd/index.html}"
}
