@misc{elghaouilivebookopt2018,
key={ELG},
title={Optimization models and applications},
author={Laurent {El Ghaoui}},
year="2018",
note={Livebook visited Spring 2018},
howpublished="\url{http://livebooklabs.com/keeppies/c5a5868ce26b8125}"
}

@misc{elghaouilecture2,
key={ELG},
title={EE127 Fall 2018 Lecture 2},
author={Laurent {El Ghaoui}},
year="2018",
note={EE127 Fall 2018 Lecture Notes},
howpublished="\url{https://bcourses.berkeley.edu/courses/1473158/files/73475337/download?wrap=1}"
}

@book {lay-la,
    AUTHOR = {Lay, David C},
     TITLE = {Linear Algebra and Its Applications},
   EDITION = {Fourth},
 PUBLISHER = {Pearson Higher Ed.},
      YEAR = {2011}
}

@book {axler-la,
    AUTHOR = {Axler, Sheldon},
     TITLE = {Linear Algebra Done Right},
   EDITION = {Third},
   NOTE = {Undergraduate Texts in Mathematics.},
 PUBLISHER = {Springer},
      YEAR = {2015}
}